@ARTICLE{Noah,
  author = {Gardiner, N. and Bauden F.},
  title = {A Recently Discovered Holograph Fair Copy of al-Maqrizi's al-Mawa'iz wa-al-i'tibar fi dhikr al-khitat wa-al-athar (Michigan Islamic MS 605)},
  year = {2011},
  volume = {2},
  pages = {123-131},
  journal = {Journal of Islamic Manuscripts}
}

@ARTICLE{MBulacu,
  author = {Bulacu, M. and Schomaker, L. and Brink, A.},
  title = {Text-independent writer identification and verification on offline arabic handwriting},
  year = {2007},
  pages = {769-773},
  journal = {Proc. 9th International Conference on Document Analysis and Recognition, ICDAR}
}

@ARTICLE{MBulacu1,
  author = {Bulacu, M. and Schomaker, L.},
  title = {Automatic Handwriting Identification on Medieval Documents},
  year = {2007},
  pages = {279-284},
  journal = {Proc. of the International Conference on Image Analysis and Processing}
}

@ARTICLE{DFecker,
  author = {Fecker, D. and Asi, A. and Pantke, W. and MÃ¤rgner, V. and El-Sana, J. and Fingscheidt, T.},
  title = {Document Writer Analysis with Rejection for Historical Arabic Manuscripts},
  year = {2014},
  pages = {743-748},
  journal = {Proc. 14th nternational Conference on Frontiers in Handwriting Recognition, ICFHR}
}

@ARTICLE{Salvador,
  author = {Godoy-Calderon, S. and Felipe-Riveron, E. M. and Herrera-Luna, E. C.},
  title = {Multi-level Modeling of Manuscripts for Authorship Identification with Collective Decision Systems},
  year = {2012},
  volume = {7441},
  pages = {757-764},
  journal = {Progress in Pattern Recognition, Image Analysis, Computer Vision, and Applications}
}

@mastersthesis{Dunn,
  author       = {Dunn, E.}, 
  title        = {Computational Methods for Determining the Similarity between Ancient Greek Manuscripts},
  school       = {Dept. Computer~Science., Dept. Inform. Systems and Operations Manag},
  year         = 2012,
  address      = {Univ. of North Carolina, Wilmington},
}

@ARTICLE{DL,
  author = {Lecun, Y. and Bengio, Y. and Hinton, G.},
  title = {Deep learning},
  year = {2015},
  number = {521},
  pages = {436-444},
  journal = {Nature}
}

@ARTICLE{CNN,
  author = {Lecun, Y. and Bottou, L. and Bengio, Y. and Haffner, P.},
  title = {Gradient-based learning applied to document recognition},
  year = {1998},
  pages = {2278-2324},
  journal = {Proc. of the IEEE}
}

@ARTICLE{Alexnet,
  author = {Krizhevsky, A. and Sutskever, I. and Hinton, G.},
  title = {ImageNet Classification with Deep Convolutional Neural Networks},
  year = {2012},
  volume = {25},
  pages = {1097-1105},
  journal = {Advances in Neural Information Processing Systems}
}

@ARTICLE{Googlenet,
  author = {Szegedy, C. and Liu, W. and Jia, Y. and Sermanet, P. and Reed, S. and Anguelov, D. and Erhan, D. and Vanhoucke, V. and Rabinovich, A.},
  title = {Going deeper with convolutions},
  year = {2015},
  pages = {1-9},
  journal = {Proc. of the IEEE Conference on Computer Vision and Pattern Recognition}
}

@ARTICLE{otsu1975threshold,
  author = {Otsu, N.},
  title = {A threshold selection method from gray-level histograms},
  year = {1975},
  volume = {11},
  pages = {285-296},
  journal = {Automatica}
}

@ARTICLE{fiorio1996connected_components,
  author = {Fiorio, C. and Gustedt, J.},
  title = {Two linear time union-find strategies for image processing},
  year = {1996},
  volume = {154},
  number = {2},
  pages = {165-181},
  journal = {Theoretical Computer Science}
}

@ARTICLE{ester1996dbscan,
  author = {Ester, M. and Kriegel, H.P. and Sander, J. and Xu, X.},
  title = {A density-based algorithm for discovering clusters in large spatial databases with noise},
  year = {1996},
  volume = {96},
  number = {34},
  pages = {226-231},
  journal = {Proc. of Second International Conference on Knowledge Discovery and Data Mining}
}

@Book{GranVolk,
	  author = {O. Granichin and V. Volkovich and D. Toledano-Kitai},
	  title = {Randomized Algorithms in Automatic Control and Data Mining},
	  publisher = {Springer-Verlag},
	  address = {Heidelberg New York Dordrecht London},
	  numpages = {275},
	  year = {2015},
	  language = {english}
}